<record><leader>00000cas a22000007a 4500</leader><controlfield tag="001">14690818</controlfield><controlfield tag="008">861108d19171917nvuwr ne      0    0eng d</controlfield><datafield ind1=" " ind2=" " tag="010"><subfield code="a">sn 86076443 </subfield></datafield><datafield ind1=" " ind2=" " tag="040"><subfield code="a">NNX</subfield><subfield code="b">eng</subfield><subfield code="c">NNX</subfield><subfield code="d">OCLCQ</subfield></datafield><datafield ind1=" " ind2=" " tag="042"><subfield code="a">msc</subfield></datafield><datafield ind1="0" ind2=" " tag="130"><subfield code="a">Nevada democrat (Carlin, Nev.)</subfield></datafield><datafield ind1="1" ind2="0" tag="245"><subfield code="a">Nevada democrat.</subfield></datafield><datafield ind1=" " ind2=" " tag="260"><subfield code="a">Carlin, Nev. :</subfield><subfield code="b">J. Camp</subfield></datafield><datafield ind1=" " ind2=" " tag="300"><subfield code="a">v. :</subfield><subfield code="b">ill.</subfield></datafield><datafield ind1=" " ind2=" " tag="310"><subfield code="a">Weekly</subfield></datafield><datafield ind1="1" ind2=" " tag="362"><subfield code="a">Began with Feb. 9, 1917 issue; ceased ca. Apr. 1917.</subfield><subfield code="z">Cf. Lingenfelter, R. Newspapers of Nev., 1854-1979.</subfield></datafield><datafield ind1=" " ind2=" " tag="515"><subfield code="a">Continues the numbering of Western home builder.</subfield></datafield><datafield ind1=" " ind2=" " tag="588"><subfield code="a">Description based on: Vol. 1, no. 51 (Feb. 23, 1917).</subfield></datafield><datafield ind1=" " ind2=" " tag="752"><subfield code="a">United States</subfield><subfield code="b">Nevada</subfield><subfield code="c">Elko</subfield><subfield code="d">Carlin.</subfield></datafield><datafield ind1="1" ind2=" " tag="787"><subfield code="t">Western home builder</subfield><subfield code="w">(DLC)sn 86076280</subfield><subfield code="w">(OCoLC)13788046</subfield></datafield></record>